<?xml version="1.0" encoding="UTF-8"?><collection xmlns="http://www.loc.gov/MARC21/slim"><record><leader>00524nam--2200169-i-4500</leader><controlfield tag="001">000008827</controlfield><controlfield tag="002">20161230</controlfield><controlfield tag="005">20170304142824</controlfield><controlfield tag="008">060222s1000------------r-----000-0-eng-d</controlfield><datafield ind1=" " ind2=" " tag="100"><subfield code="a">Byckling, Eero</subfield></datafield><datafield ind1=" " ind2=" " tag="245"><subfield code="a">Reductions of the phase space integral in terms of simpler processes</subfield></datafield><datafield ind1=" " ind2=" " tag="260"><subfield code="a">Helsinki</subfield><subfield code="b">Research Institute For Theoretical Physics</subfield><subfield code="c">1969</subfield></datafield><datafield ind1=" " ind2=" " tag="300"><subfield code="a">26 p. + 4 Fig</subfield></datafield><datafield ind1=" " ind2=" " tag="490"><subfield code="a">Reprint Series In Theoretical Physics, Nr.5</subfield></datafield><datafield ind1=" " ind2=" " tag="700"><subfield code="a">Kajantie, Keijo</subfield></datafield><datafield ind1=" " ind2=" " tag="852"><subfield code="a">539.172</subfield></datafield><datafield ind1=" " ind2=" " tag="CAT"><subfield code="a">SYS</subfield><subfield code="c">20170304</subfield><subfield code="h">142824</subfield></datafield></record></collection>